@inproceedings{DBLP:conf/acl/KalchbrennerGB14,
  url       = {http://aclweb.org/anthology/P/P14/P14-1062.pdf},
}




